% Encoding: UTF-8

@Article{Nummenmaa2013,
  author       = {Nummenmaa, Lauri and Glerean, Enrico and Hari, Riitta and Hietanen, Jari K.},
  date         = {2013-12},
  journaltitle = {Proceedings of the National Academy of Sciences},
  title        = {Bodily maps of emotions},
  doi          = {10.1073/pnas.1321664111},
  issn         = {1091-6490},
  number       = {2},
  pages        = {646--651},
  volume       = {111},
  publisher    = {Proceedings of the National Academy of Sciences},
}

@Article{Lukas2019,
  author       = {Lukas, Christian Aljoscha and Trevisi Fuentes, Hugo and Berking, Matthias},
  date         = {2019-09},
  journaltitle = {Internet Interventions},
  title        = {Smartphone-based emotion recognition skills training for alexithymia - A randomized controlled pilot study},
  doi          = {10.1016/j.invent.2019.100250},
  issn         = {2214-7829},
  pages        = {100250},
  volume       = {17},
  publisher    = {Elsevier BV},
}

@Article{Cameron2014,
  author       = {Cameron, Kristjana and Ogrodniczuk, John and Hadjipavlou, George},
  date         = {2014-05},
  journaltitle = {Harvard Review of Psychiatry},
  title        = {Changes in Alexithymia Following Psychological Intervention: A Review},
  doi          = {10.1097/hrp.0000000000000036},
  issn         = {1067-3229},
  number       = {3},
  pages        = {162--178},
  volume       = {22},
  publisher    = {Ovid Technologies (Wolters Kluwer Health)},
}

@Article{Patel2023,
  author    = {Patel, Suketu C. and Fan, Jin},
  date      = {2023-07},
  title     = {Identification and Description of Emotions by Current Large Language Models},
  doi       = {10.1101/2023.07.17.549421},
  publisher = {Cold Spring Harbor Laboratory},
}

@Article{Stade2024,
  author       = {Stade, Elizabeth C. and Stirman, Shannon Wiltsey and Ungar, Lyle H. and Boland, Cody L. and Schwartz, H. Andrew and Yaden, David B. and Sedoc, Jo√£o and DeRubeis, Robert J. and Willer, Robb and Eichstaedt, Johannes C.},
  date         = {2024-04},
  journaltitle = {npj Mental Health Research},
  title        = {Large language models could change the future of behavioral healthcare: a proposal for responsible development and evaluation},
  doi          = {10.1038/s44184-024-00056-z},
  issn         = {2731-4251},
  number       = {1},
  volume       = {3},
  publisher    = {Springer Science and Business Media LLC},
}

@Comment{jabref-meta: databaseType:biblatex;}
